@inproceedings{2010ias-hatem,
  author =       {Alismail, H. and Browning, B. and M. Bernardine
                  Dias},
  title =        {Evaluating Pose Estimation Methods for Stereo Visual
                  Odometry on Robots},
  booktitle =    {In proceedings of the 11th International Conference
                  on Intelligent Autonomous Systems (IAS-11)},
  year =         2010
}

@article{Anonymous:bqRHPQql,
  title =        {{Real-Time Diagnosis and Repair of Faults of Robot
                  Control Software}},
  year =         2012,
  pages =        {1--11},
  month =        apr
}

@inproceedings{Bajwa:2002tm,
  author =       {Bajwa, A. and Sweet, A.},
  booktitle =    {Aerospace Conference, 2003. Proceedings. 2003 IEEE},
  title =        {The livingstone model of a main propulsion system},
  year =         2003,
  month =        {march},
  volume =       2,
  pages =        { 2_869 - 2_876},
  doi =          {10.1109/AERO.2003.1235498},
  ISSN =         {1095-323X},
}

@article{Baldi:2000wp,
  author =       {Baldi, P. and Brunak, S. and Chauvin, Y. and
                  Andersen, C.A.F. and Nielsen, H.},
  title =        {{Assessing the accuracy of prediction algorithms for
                  classification: an overview}},
  journal =      {Bioinformatics},
  year =         2000,
  volume =       16,
  number =       5,
  pages =        {412--424}
}

@article{Casar:2008tp,
  author =       {Casar, Marta and Fonollosa, Jos{\'e} A.R.},
  title =        {{Overcoming HMM time independence assumption using
                  n-gram based modelling for continuous speech
                  recognition}},
  journal =      {European Signal Processing Conference. EUSIPCO},
  year =         2008,
  pages =        {3--7}
}

@conference{bohren2011,
  title =        {Towards Autonomous Robotic Butlers: Lessons Learned with the PR2},
  booktitle =    {ICRA},
  year =         {2011},
  month =        {May},
  address =      {Shanghai, China},
  author =       {J. Bohren and R. Bogdan Rusu and E. Gil Jones and E.
                  Marder-Eppstein and C. Pantofaru and M. Wise and L.
                  Mosenlechner and W. Meeussen and S. Holzer}
}

@article{Chandola:2006um,
  author =       {Chandola, V. and Eilertson, E. and Ertoz, L. and
                  Simon, G. and Kumar, V.},
  title =        {{Data mining for cyber security}},
  journal =      {Data Warehousing and Data Mining Techniques for
                  Computer Security},
  year =         2006,
  pages =        {83--103}
}

@article{DeStefano:2000vt,
  author =       {De Stefano, C. and Sansone, C. and Vento,
                  M.},
  title =        {{To reject or not to reject: that is the question-an
                  answer in case of neural classifiers}},
  journal =      {Systems, Man, and Cybernetics, Part C: Applications
                  and Reviews, IEEE Transactions on},
  year =         2000,
  volume =       30,
  number =       1,
  pages =        {84--94}
}

@article{Ernits:2010tm,
  author =       {Ernits, J. and Dearden, R. and Pebody, M.
                  and Guggenheim, J.},
  title =        {{Diagnosis of Autosub 6000 using automatically
                  generated software models}},
  journal =      {Proc. of the Twenty First International Workshop on
                  Principles of Diagnosis (DX 2010), Portland, OR},
  year =         2010,
  pages =        {1--8}
}

@phdthesis{Feldman:2010uy,
  author =       {Feldman, A.},
  title =        {{Approximation algorithms for model-based
                  diagnosis}},
  school =       {Delft University of Technology},
  year =         2010
}

@inproceedings{Golombek:2010hj,
  title =        {{Learning a probabilistic self-awareness model for
                  robotic systems}},
  author =       {Golombek, R. and Wrede, S. and Hanheide,
                  M. and Heckmann, M.},
  booktitle =    {2010 IEEE/RSJ International Conference on
                  Intelligent Robots and Systems},
  month =        oct,
  year =         2010,
  doi =          {10.1109/IROS.2010.5651095},
  isbn =         {978-1-4244-6674-0},
  issn =         {2153-0858},
  keywords =     {Domestic Robots,Learning and Adaptive Systems,Robot
                  Companions},
  pages =        {2745--2750},
  address =      {Taipei},
  publisher =    {IEEE},
  url =
                  {http://ieeexplore.ieee.org/lpdocs/epic03/wrapper.htm?arnumber=5651095}
}

@inproceedings{Golombek:2011ek,
  author =       {Golombek, R. and Wrede, S. and Hanheide,
                  M. and Heckmann, M.},
  title =        {{Online data-driven fault detection for robotic
                  systems}},
  booktitle =    {Intelligent Robots and Systems (IROS), 2011 IEEE/RSJ
                  International Conference on},
  year =         2011,
  pages =        {3011--3016}
}

@article{Hayden:2004vn,
  author =       {Hayden, S.C. and Sweet, A.J. and Shulman, S.},
  title =        {{Lessons learned in the Livingstone 2 on Earth
                  Observing One flight experiment}},
  journal =      {Proc. AIAA 1st Intelligent Systems Tech. Conf., Am.
                  Inst. Aeronautics and Astronautics},
  year =         2004,
  pages =        {1--15}
}

@article{Kurien:2000ta,
  author =       {Kurien, J. and Nayak, P.P.},
  title =        {{Back to the future for consistency-based trajectory
                  tracking}},
  journal =      {Proceedings of the national conference on artificial
                  intelligence},
  year =         2000,
  pages =        {370--377}
}

@article{Luo:2010ud,
  author =       {Luo, J. and Namburu, M. and Pattipati, K.R. and
                  Qiao, L. and Chigusa, S.},
  title =        {{Integrated model-based and data-driven diagnosis of
                  automotive antilock braking systems}},
  journal =      {Systems, Man and Cybernetics, Part A: Systems and
                  Humans, IEEE Transactions on},
  year =         2010,
  volume =       40,
  number =       2,
  pages =        {321--336}
}

@article{Lutkebohle:2009vy,
  author =       {L{\"u}tkebohle, I. and Schaefer, J. and Wrede, S.},
  title =        {{Facilitating re-use by design: A filtering,
                  transformation, and selection architecture for
                  robotic software systems}},
  journal =      {ICRA Workshop on Software Development in Robotics
                  (SDIR)},
  year =         2009
}

@article{Narasimhan:2004wd,
  author =       {Narasimhan, S. and Dearden, R. and Benazera, E.},
  title =        {{Combining particle filters and consistency-based
                  approaches for monitoring and diagnosis of
                  stochastic hybrid systems}},
  journal =      {15th International Workshop on Principles of
                  Diagnosis (DX04), Carcassonne, France},
  year =         2004
}


@article{Narasimhan:2007ty,
  author =       {Narasimhan, S. and Brownston, L.},
  title =        {{HyDE--A General Framework for Stochastic and Hybrid
                  Model-based Diagnosis}},
  journal =      {Proc. 18th International Workshop on Principles of
                  Diagnosis (DX'07), Nashville, USA},
  year =         2007,
  pages =        {162--169}
}

@mastersthesis{Otto:2010uc,
  author =       {Otto, J.},
  title =        {{XSRAD - A Modeling Language for Robotics
                  Architectures}},
  school =       {Bielefeld University},
  year =         2010,
  month =        nov
}

@inproceedings{Sakagami:2002cf,
  author =       {Sakagami, Yoshiaki and Watanabe, Ryujin and Aoyama,
                  Chiaki and Matsunaga, Shinici and Higaki, Nobuo and
                  Fujimura, Kikuo},
  title =        {{The intelligent ASIMO: system overview and
                  integration}},
  booktitle =    {Intelligent Robots and Systems, 2002. IEEE/RSJ
                  International Conference on},
  year =         2002,
  pages =        {2478--2483}
}

@ARTICLE{Steinbauer06_LNI,
  author =       {Steinbauer, G. and Morth, M. and Wotawa, F.},
  title =        {{Real-time diagnosis and repair of faults of robot
                  control software}},
  journal =      {Lecture Notes in Computer Science},
  year =         2006,
  volume =       4020,
  pages =        13,
  keywords =     {fdd,iros,knowledgebased,repair},
  publisher =    {Springer}
}

@inproceedings{Williams:1996wf,
  author =       {Williams, B. C. and Nayak, P. P.},
  title =        {{A model-based approach to reactive self-configuring
                  systems}},
  booktitle =    {AAAI'96: Proceedings of the thirteenth national
                  conference on Artificial intelligence},
  year =         1996,
  publisher =    { AAAI Press},
  month =        aug
}

@article{Wrede:2004th,
  author =       {Wrede, S. and Fritsch, J. and Bauckhage, C. and
                  Sagerer, G.},
  title =        {{An XML based framework for cognitive vision
                  architectures}},
  journal =      {Pattern Recognition, 2004. ICPR 2004. Proceedings of
                  the 17th International Conference on},
  year =         2004,
  volume =       1,
  pages =        {757--760 Vol. 1}
}

@article{Ye:2000uu,
  author =       {Ye, N.},
  title =        {{A markov chain model of temporal behavior for
                  anomaly detection}},
  journal =      {Proceedings of the 2000 IEEE Systems, Man, and
                  Cybernetics Information Assurance and Security
                  Workshop},
  year =         2000,
  volume =       166,
  pages =        169
}

@techreport{Zucker2010,
  author =       {M. Zucker and J. Bagnell},
  title =        {Reinforcement Planning: RL for Optimal Planners},
  institution =  {Robotics Institute},
  month =        {April},
  year =         2010,
  number =       {CMU-RI-TR-10-14},
  address =      {Pittsburgh, PA},
}

@book{blanke2006,
  title =        {{Diagnosis and Fault-Tolerant Control}},
  publisher =    {Springer-Verlag New York, Inc.},
  year =         2006,
  author =       {Blanke, M. and Kinnaert, M. and Lunze, J. and
                  Staroswiecki, M.},
  address =      {Secaucus, NJ, USA},
  keywords =     {elephant,fdd,iros,mb}
}

@inproceedings{deFreitas:2004jy,
  author =       {de Freitas, N. and Dearden, R. and Hutter,
                  F. and Morales-Men{\'e}ndez, R. and Mutch,
                  J. and Poole, D.},
  title =        {{Diagnosis by a waiter and a Mars explorer}},
  booktitle =    {Proceedings of the IEEE},
  year =         2004,
  pages =        {455--468}
}

@article{deKleer:1987vc,
  author =       {de Kleer, J. and Williams, B. C.},
  title =        {{Diagnosing multiple faults}},
  journal =      {Artificial intelligence},
  year =         1987,
  volume =       32,
  number =       1,
  pages =        {97--130}
}

@article{haweswyatt10aei,
  title =        "Engineering intelligent information-processing
                  systems with CAST",
  journal =      "Advanced Engineering Informatics",
  volume =       24,
  number =       1,
  pages =        "27 - 39",
  year =         2010,
  issn =         "1474-0346",
  author =       {N. Hawes and J. Wyatt}
}

@article{schaul2010,
  author =       {Schaul, T. and Bayer, J. and Wierstra, D. and
                  Sun, Y. and Felder, M. and Sehnke, F. and
                  R\"{u}ckstie\ss, T. and Schmidhuber, J.},
  journal =      {Journal of Machine Learning Research},
  keywords =     {machine learning,neural
                  networks,optimization,python,reinforcement learning},
  title =        {{PyBrain}},
  year =         2010
}
